@book{bishop2006prml,
  title     = {Pattern Recognition and Machine Learning},
  author    = {Christopher M. Bishop},
  year      = {2006},
  publisher = {Springer}
}

@book{hastie2009esl,
  title     = {The Elements of Statistical Learning: Data Mining, Inference, and Prediction},
  author    = {Trevor Hastie and Robert Tibshirani and Jerome Friedman},
  year      = {2009},
  publisher = {Springer}
}
